<?xml version="1.0"?>
<record xmlns="http://www.loc.gov/MARC21/slim">
  <leader>02860cjm a2200577Ii 4500</leader>
  <controlfield tag="001">a11353313</controlfield>
  <controlfield tag="003">SIRSI</controlfield>
  <controlfield tag="005">20150826003002.0</controlfield>
  <controlfield tag="007">sq zmnznnmznnb</controlfield>
  <controlfield tag="008">150729r199119uutxudfnn           n zxx d</controlfield>
  <datafield ind1="0" ind2="0" tag="028">
    <subfield code="a">2896</subfield>
    <subfield code="b">Welte-Mignon</subfield>
  </datafield>
  <datafield ind1="0" ind2="2" tag="028">
    <subfield code="a">2897</subfield>
    <subfield code="b">Welte-Mignon</subfield>
  </datafield>
  <datafield ind1="0" ind2="2" tag="028">
    <subfield code="a">2898</subfield>
    <subfield code="b">Welte-Mignon</subfield>
  </datafield>
  <datafield ind1=" " ind2=" " tag="040">
    <subfield code="a">STF</subfield>
    <subfield code="b">eng</subfield>
    <subfield code="e">rda</subfield>
    <subfield code="c">STF</subfield>
    <subfield code="d">UtOrBLW</subfield>
  </datafield>
  <datafield ind1=" " ind2=" " tag="049">
    <subfield code="a">STFA</subfield>
  </datafield>
  <datafield ind1="1" ind2=" " tag="100">
    <subfield code="a">Kreisler, Fritz,</subfield>
    <subfield code="d">1875-1962,</subfield>
    <subfield code="e">composer.</subfield>
    <subfield code=" ">^A1444648</subfield>
  </datafield>
  <datafield ind1="1" ind2="0" tag="240">
    <subfield code="a">Alt-Wiener Tanzweisen;</subfield>
    <subfield code="o">arranged</subfield>
    <subfield code=" ">^A1444648</subfield>
  </datafield>
  <datafield ind1="1" ind2="0" tag="245">
    <subfield code="a">AltWienerTanzweisen.</subfield>
    <subfield code="n">#1 /</subfield>
    <subfield code="c">F. Kreisler. AltWienerTanzweisen. #2 / F. Kreisler. AltWienerTanzweisen. #3 / F. Kreisler.</subfield>
  </datafield>
  <datafield ind1=" " ind2="1" tag="264">
    <subfield code="a">Austin, Texas :</subfield>
    <subfield code="b">the Gryphon Company,</subfield>
    <subfield code="c">[1991]</subfield>
  </datafield>
  <datafield ind1=" " ind2="4" tag="264">
    <subfield code="c">&#xA9;1991</subfield>
  </datafield>
  <datafield ind1=" " ind2=" " tag="300">
    <subfield code="a">1 audio roll ;</subfield>
    <subfield code="c">12 1/4 in. x 2 3/4 in.</subfield>
  </datafield>
  <datafield ind1=" " ind2=" " tag="336">
    <subfield code="a">performed music</subfield>
    <subfield code="2">rdacontent</subfield>
  </datafield>
  <datafield ind1=" " ind2=" " tag="337">
    <subfield code="a">audio</subfield>
    <subfield code="2">rdamedia</subfield>
  </datafield>
  <datafield ind1=" " ind2=" " tag="338">
    <subfield code="a">audio roll</subfield>
    <subfield code="2">rdacarrier</subfield>
  </datafield>
  <datafield ind1=" " ind2=" " tag="344">
    <subfield code="a">analog</subfield>
    <subfield code="b">mechanical</subfield>
    <subfield code="c">tempo 75</subfield>
  </datafield>
  <datafield ind1="0" ind2="1" tag="382">
    <subfield code="a">piano</subfield>
    <subfield code="n">1</subfield>
    <subfield code="s">1</subfield>
    <subfield code="2">lcmpt</subfield>
  </datafield>
  <datafield ind1=" " ind2=" " tag="500">
    <subfield code="a">Title from roll.</subfield>
  </datafield>
  <datafield ind1="0" ind2=" " tag="511">
    <subfield code="a">L. Oroel (1st work); N. Vinogradoff (2nd and 3rd work), piano.</subfield>
  </datafield>
  <datafield ind1=" " ind2=" " tag="500">
    <subfield code="a">Welte-Mignon licensee roll (T-98).</subfield>
  </datafield>
  <datafield ind1=" " ind2=" " tag="500">
    <subfield code="a">Performer of 1st work is incorrectly identified as L. Oreol. Label should read: N. Vinogradoff.</subfield>
  </datafield>
  <datafield ind1=" " ind2=" " tag="500">
    <subfield code="a">1st work: Recut. Originally released individually as a Welte-Mignon red roll, number 2896, issued in 1922.</subfield>
  </datafield>
  <datafield ind1=" " ind2=" " tag="500">
    <subfield code="a">2nd work: Recut. Originally released individually as a Welte-Mignon red roll, number 2897, issued in 1914.</subfield>
  </datafield>
  <datafield ind1=" " ind2=" " tag="500">
    <subfield code="a">3rd work: Recut. Originally released individually as a Welte-Mignon red roll, number 2898, issued in 1922.</subfield>
  </datafield>
  <datafield ind1="4" ind2=" " tag="510">
    <subfield code="a">Dangel, Gerhard &amp; Hans-W. Schmitz. Welte-Mignon Klavierrollen, 2006,</subfield>
    <subfield code="c">page 137.</subfield>
  </datafield>
  <datafield ind1=" " ind2="0" tag="650">
    <subfield code="a">Piano music.</subfield>
    <subfield code=" ">^A1049172</subfield>
  </datafield>
  <datafield ind1=" " ind2="0" tag="650">
    <subfield code="a">Player piano rolls.</subfield>
    <subfield code=" ">^A1050086</subfield>
  </datafield>
  <datafield ind1=" " ind2="7" tag="655">
    <subfield code="a">Reproducing piano rolls.</subfield>
    <subfield code="2">local</subfield>
    <subfield code=" ">UNAUTHORIZED</subfield>
  </datafield>
  <datafield ind1=" " ind2="7" tag="655">
    <subfield code="a">Recut piano rolls.</subfield>
    <subfield code="2">local</subfield>
    <subfield code=" ">UNAUTHORIZED</subfield>
  </datafield>
  <datafield ind1="1" ind2="2" tag="700">
    <subfield code="i">Container of (work):</subfield>
    <subfield code="a">Kreisler, Fritz,</subfield>
    <subfield code="d">1875-1962.</subfield>
    <subfield code="t">Alt-Wiener Tanzweisen.</subfield>
    <subfield code="p">Liebesfreud;</subfield>
    <subfield code="o">arranged.</subfield>
    <subfield code=" ">^A1538715</subfield>
  </datafield>
  <datafield ind1="1" ind2="2" tag="700">
    <subfield code="i">Container of (work):</subfield>
    <subfield code="a">Kreisler, Fritz,</subfield>
    <subfield code="d">1875-1962.</subfield>
    <subfield code="t">Alt-Wiener Tanzweisen.</subfield>
    <subfield code="p">Liebesleid; arranged.</subfield>
    <subfield code=" ">^A1444648</subfield>
  </datafield>
  <datafield ind1="1" ind2="2" tag="700">
    <subfield code="i">Container of (work):</subfield>
    <subfield code="a">Kreisler, Fritz,</subfield>
    <subfield code="d">1875-1962.</subfield>
    <subfield code="t">Alt-Wiener Tanzweisen.</subfield>
    <subfield code="p">Sch&#xF6;n Rosmarin.</subfield>
    <subfield code=" ">^A237804</subfield>
  </datafield>
  <datafield ind1="1" ind2=" " tag="700">
    <subfield code="a">Vinogradov-Gorges, Nina,</subfield>
    <subfield code="e">instrumentalist.</subfield>
    <subfield code=" ">UNAUTHORIZED</subfield>
  </datafield>
  <datafield ind1="0" ind2="2" tag="740">
    <subfield code="a">AltWienerTanzweisen.</subfield>
    <subfield code="n">#2</subfield>
  </datafield>
  <datafield ind1="0" ind2="2" tag="740">
    <subfield code="a">AltWienerTanzweisen.</subfield>
    <subfield code="n">#3</subfield>
  </datafield>
  <datafield ind1=" " ind2=" " tag="916">
    <subfield code="a">DATE CATALOGED</subfield>
    <subfield code="b">20150729</subfield>
  </datafield>
  <datafield ind1=" " ind2=" " tag="994">
    <subfield code="a">C0</subfield>
    <subfield code="b">STF</subfield>
  </datafield>
  <datafield ind1=" " ind2=" " tag="590">
    <subfield code="a">Archive of Recorded Sound copy 1:"Try 90 (!). Although it is a trifle fast for the last item it is ideal for the other two. 23.9.96."</subfield>
  </datafield>
  <datafield ind1=" " ind2="4" tag="690">
    <subfield code="a">Denis Condon Collection of Reproducing Pianos and Rolls.</subfield>
  </datafield>
  <datafield ind1=" " ind2=" " tag="035">
    <subfield code="a">(OCoLC-M)915083443</subfield>
  </datafield>
  <datafield ind1=" " ind2=" " tag="596">
    <subfield code="a">31</subfield>
  </datafield>
  <datafield ind1=" " ind2=" " tag="999">
    <subfield code="a">CONDON ROLL 694</subfield>
    <subfield code="w">ALPHANUM</subfield>
    <subfield code="c">1</subfield>
    <subfield code="i">36105225786982</subfield>
    <subfield code="l">PAGE-AS</subfield>
    <subfield code="m">SAL3</subfield>
    <subfield code="r">N</subfield>
    <subfield code="s">Y</subfield>
    <subfield code="t">NH-INHOUSE</subfield>
    <subfield code="u">7/29/2015</subfield>
  </datafield>
</record>
